@article{saibene2003_01,
author = {Saibene, Franco and Minetti, Alberto E.},
    citeulike-article-id = {1539808},
    journal = {European Journal of Applied Physiology},
    keywords = {archaeology},
    pages = {297--316},
    posted-at = {2007-08-07 12:00:15},
    priority = {0},
    title = {{Biomechanical and physiological aspects of legged locomotion in humans}},
    volume = {88},
    year = {2003}
}

@incollection{Billard08chapter,
author="A. Billard and S. Calinon and R. Dillmann and S. Schaal",
    title="Robot Programming by Demonstration",
    booktitle="Handbook of Robotics",
    editor="B. Siciliano and O. Khatib",
    publisher="Springer",
    address="Secaucus, NJ, USA",
    year="2008",
    pages="1371--1394"
}

@INPROCEEDINGS{Calinon05goal-directedimitation,
    author = {Sylvain Calinon and Florent Guenter and Aude Billard},
    title = {Goal-directed imitation in a humanoid robot},
    booktitle = {in Proceedings of the IEEE International Conference on Robotics and Automation (ICRA},
    year = {2005}
}

@ARTICLE{1158965,
author={Alissandrakis, A and Nehaniv, C.L. and Dautenhahn, K.},
journal={Systems, Man and Cybernetics, Part A: Systems and Humans, IEEE Transactions on},
title={Imitation with ALICE: learning to imitate corresponding actions across dissimilar embodiments},
year={2002},
month={Jul},
volume={32},
number={4},
pages={482-496},
keywords={games of skill;learning (artificial intelligence);software agents;ALICE;action learning;artificial intelligence;chess games;correspondence problem;embodiment;imitation;imitator agent;machine learning;Animal behavior;Artificial intelligence;Cognitive robotics;Human robot interaction;Intelligent agent;Intelligent robots;Learning systems;Machine learning;Robot programming;Software engineering},
doi={10.1109/TSMCA.2002.804820},
ISSN={1083-4427},}

@INPROCEEDINGS{700115,
author={Barnier, N. and Brisset, P.},
booktitle={Evolutionary Computation Proceedings, 1998. IEEE World Congress on Computational Intelligence., The 1998 IEEE International Conference on},
title={Optimization by hybridization of a genetic algorithm with constraint satisfaction techniques},
year={1998},
month={May},
pages={645-649},
keywords={combinatorial mathematics;constraint theory;genetic algorithms;combinatorial problems;constraint satisfaction problem techniques;fitness;genetic algorithm;hybridization;mutation operators;objective functions;optimization method;radio link frequency assignment problem;recombination operators;robustness;search spaces;sub-domain strings;vehicle routing problem;Constraint optimization;Cost function;Genetic algorithms;Genetic mutations;Optimization methods;Radio link;Robustness;Routing;Space exploration;Subspace constraints},
doi={10.1109/ICEC.1998.700115},}

@book{Sumathi:2008:EII:1628817,
 author = {Sumathi, S. and Hamsapriya, T. and Surekha, P.},
 title = {Evolutionary Intelligence: An Introduction to Theory and Applications with Matlab},
 year = {2008},
 isbn = {3540751580, 9783540751588},
 edition = {1st},
 publisher = {Springer Publishing Company, Incorporated},
} 

@techreport{cg-2007-2,
   author = {M. M\"{u}ller and T. R\"{o}der and M. Clausen and B. Eberhardt and B. Kr\"{u}ger and A. Weber},
   title = {Documentation Mocap Database HDM05},
   number = {CG-2007-2},
   year = {2007},
   month = {June},
   institution = {Universit\"{a}t Bonn},
   ISSN = {1610-8892}
}

@INPROCEEDINGS{5354391,
author={Chalodhorn, R. and Rao, R.P.N.},
booktitle={Intelligent Robots and Systems, 2009. IROS 2009. IEEE/RSJ International Conference on},
title={Using eigenposes for lossless periodic human motion imitation},
year={2009},
month={Oct},
pages={2502-2509},
keywords={humanoid robots;intelligent robots;learning (artificial intelligence);mobile robots;motion control;robot dynamics;robot programming;Fujitsu HOAP-2 humanoid robot;complex control algorithm;cylindrical coordinate transformation;dynamic simulator;high-dimensional eigenpose data;human motion capture;hyperdimensional subspaces;imitative learning;lossless periodic human motion imitation;motion optimization;motion pattern;robot complex dynamics;robot programming;Dynamic programming;Humanoid robots;Humans;Legged locomotion;Mobile robots;Nonlinear dynamical systems;Orbital robotics;Principal component analysis;Robot kinematics;Robot programming},
doi={10.1109/IROS.2009.5354391},}


@book{Calinon09book,
author="S. Calinon",
year="2009",
title="Robot Programming by Demonstration: A Probabilistic Approach",
publisher="EPFL/CRC Press"
}
@INPROCEEDINGS{Rao04abayesian,
author = {Rajesh P. N. Rao and Aaron P. Shon and Andrew N. Meltzoff},
title = {A Bayesian Model of Imitation in Infants and Robots},
booktitle = {In Imitation and Social Learning in Robots, Humans, and Animals},
year = {2004},
pages = {217--247},
publisher = {Cambridge University Press}
}
@book{Nolfi:2000:ERB:557168,
 author = {Nolfi, Stefano and Floreano, Dario},
 title = {Evolutionary Robotics: The Biology,Intelligence,and Technology},
 year = {2000},
 isbn = {0262140705},
 publisher = {MIT Press},
 address = {Cambridge, MA, USA},
} 
@book{handbook, 
author="Billard, A., Calinon, S., Dillmann, R. and Schaal, S.",
year="2007",
title="Robot Programming by Demonstration. Handbook of Robotics",
publisher="MIT Press. (in Press)",
chapter="59"
} 
@article{Hietanen1996155,
journal = "Behavioural Brain Research",
volume = "76",
number = "1-2",
pages = "155-167",
year = "1996",
note = "Advances in Understanding Visual Cortex Function",
issn = "0166-4328",
doi = "10.1016/0166-4328(95)00193-X",
url = "http://www.sciencedirect.com/science/article/pii/016643289500193X",
author = "Jari K. Hietanen and David I. Perrett",
title = "Motion sensitive cells in the macaque superior temporal polysensory area: response discrimination between self-generated and externally generated pattern motion",
keywords = "Self-induced stimulation",
keywords = "Expectation",
keywords = "Visual motion",
keywords = "Superior temporal polysensory area",
keywords = "Macaque monkey "
}
@ARTICLE{867908, 
author={Mataric, M.J.}, 
journal={Intelligent Systems and their Applications, IEEE}, title={Getting humanoids to move and imitate}, 
year={2000}, 
volume={15}, 
number={4}, 
pages={18-24}, 
keywords={intelligent control;learning systems;legged locomotion;robot kinematics;aerobics;androids;basis behaviors;behavior-based approach;complex robotic systems;dancing;humanoid robot control;imitation;interaction;learning;primitives;robot movement;system structuring;throwing actions;Biological control systems;Control systems;Humanoid robots;Humans;Infrared sensors;Mobile robots;Robot control;Robot kinematics;Robot programming;Visual perception}, 
doi={10.1109/5254.867908}, 
ISSN={1094-7167},}
@inproceedings{nicolescu2003natural,
  title={Natural methods for robot task learning: Instructive demonstrations, generalization and practice},
  author={Nicolescu, Monica N and Mataric, Maja J},
  booktitle={Proceedings of the second international joint conference on Autonomous agents and multiagent systems},
  pages={241--248},
  year={2003},
  organization={ACM}
}
@article{breazeal2002challenges,
  title={Challenges in building robots that imitate people, Imitation in animals and artifacts},
  author={Breazeal, Cynthia and Scassellati, Brian},
  journal={Editors: K. Dautenhahn and CL Nehaniv},
  pages={363--390},
  year={2002}
}

@misc{mataric2002sensory,
  title={Sensory-motor primitives as a basis for imitation: linking perception to action and biology to robotics, Imitation in animals and artifacts},
  author={Mataric, Maja J},
  year={2002},
  publisher={MIT Press, Cambridge, MA}
}
@inproceedings{riley2001coaching,
  title={Coaching a simulated soccer team by opponent model recognition},
  author={Riley, Patrick and Veloso, Manuela},
  booktitle={Proceedings of the fifth international conference on Autonomous agents},
  pages={155--156},
  year={2001},
  organization={ACM}
}

@article{lezamaahumandroid,
  title={aHumanDroid Prototype: Primeros pasos en rob{\'o}tica b{\'\i}peda Workshop del CAFR2005},
  author={Lezama, Dami{\'a}n and Sklar, Alexander and Tejera, Gonzalo}
}
@ARTICLE{1215469, 
author={Ogawara, K. and Takamatsu, J. and Kimura, H. and Ikeuchi, K.}, 
journal={Industrial Electronics, IEEE Transactions on}, title={Extraction of essential interactions through multiple observations of human demonstrations}, 
year={2003}, 
volume={50}, 
number={4}, 
pages={667-675}, 
keywords={robot programming;robot vision;Learning from Observation;environmental object;everyday tasks;grasped object;human demonstrations;human-form robot;multiple observations;prior task dependent knowledge;reusable manipulation task model;Conferences;Education;Educational robots;Educational technology;Human robot interaction;Information systems;Internet;Learning systems;Robotics and automation;Service robots}, 
doi={10.1109/TIE.2003.814765}, 
ISSN={0278-0046},}
@INPROCEEDINGS{1688528, 
author={Heinen, M.R. and Osorio, F.S.}, 
booktitle={Evolutionary Computation, 2006. CEC 2006. IEEE Congress on}, title={Applying Genetic Algorithms to Control Gait of Physically Based Simulated Robots}, 
year={2006}, 
pages={1823-1830}, 
keywords={gait analysis;genetic algorithms;legged locomotion;LegGen system;genetic algorithm;legged robots;physically based simulated robots;stable gait control;Automatic control;Genetic algorithms;Humans;Legged locomotion;Machine learning;Mobile robots;Optimization methods;Remotely operated vehicles;Robot control;Robotics and automation}, 
doi={10.1109/CEC.2006.1688528},}
@book{darwin1909origin,
  title={The Origin of Species},
  author={Darwin, C.},
  lccn={09028059},
  url={http://books.google.com.uy/books?id=YY4EAAAAYAAJ},
  year={1909},
  publisher={P. F. Collier \& Son}
}
@INPROCEEDINGS{680985, 
author={Park, J.H. and Kim, K.D.}, 
booktitle={Robotics and Automation, 1998. Proceedings. 1998 IEEE International Conference on}, title={Biped robot walking using gravity-compensated inverted pendulum mode and computed torque control}, 
year={1998}, 
volume={4}, 
pages={3528-3533 vol.4}, 
keywords={legged locomotion;robot dynamics;stability;torque control;GCIPM;ZMP;biped locomotion;biped locomotion pattern;biped robot walking;computed torque;computed torque control;free leg dynamics;gravity-compensated inverted pendulum mode;linear inverted pendulum;robot stability;zero moment point;Equations;Gravity;Leg;Legged locomotion;Mechanical engineering;Mechatronics;Motion control;Robot kinematics;Stability;Torque control}, 
doi={10.1109/ROBOT.1998.680985}, 
ISSN={1050-4729},}
@inproceedings{Heinen:2006:GCG:2110856.2110929,
 author = {Heinen, Milton Roberto and Os\'{o}rio, Fernando Santos},
 title = {Gait control generation for physically based simulated robots using genetic algorithms},
 booktitle = {Proceedings of the 2nd international joint conference, and Proceedings of the 10th Ibero-American Conference on AI 18th Brazilian conference on Advances in Artificial Intelligence},
 series = {IBERAMIA-SBIA'06},
 year = {2006},
 isbn = {3-540-45462-4, 978-3-540-45462-5},
 location = {Ribeir\&\#227;o Preto, Brazil},
 pages = {562--571},
 numpages = {10},
 url = {http://dx.doi.org/10.1007/11874850_60},
 doi = {10.1007/11874850_60},
 acmid = {2110929},
 publisher = {Springer-Verlag},
 address = {Berlin, Heidelberg},
} 
@article{dip2009genetic,
  title={Genetic algorithm-based optimal bipedal walking gait synthesis considering tradeoff between stability margin and speed},
  author={Dip, Goswami and Prahlad, Vadakkepat and Kien, Phung Duc},
  journal={Robotica},
  volume={27},
  number={03},
  pages={355--365},
  year={2009},
  publisher={Cambridge Univ Press}
}
